<?xml version="1.0" encoding="UTF-8"?><collection xmlns="http://www.loc.gov/MARC21/slim"><record><leader>00453nam--2200133-i-4500</leader><controlfield tag="001">000011100</controlfield><controlfield tag="002">20161230</controlfield><controlfield tag="005">20161230201029</controlfield><controlfield tag="008">060222s1000------------r-----000-0-eng-d</controlfield><datafield ind1=" " ind2=" " tag="080"><subfield code="a">539.12.162.8(047.1)</subfield></datafield><datafield ind1=" " ind2=" " tag="100"><subfield code="a">Boettcher, H. /S.A.</subfield></datafield><datafield ind1=" " ind2=" " tag="245"><subfield code="a">A multidimensional study of clusterin in the reaction at 8 gev/c</subfield></datafield><datafield ind1=" " ind2=" " tag="260"><subfield code="a">Berlin,-zeuthen, Institut Fur Hochenerigeephy Sik Akademie Der Wissenchaften Der Ddr, 1974. 11 P. + 15 P.Dif.Fig</subfield></datafield><datafield ind1=" " ind2=" " tag="852"><subfield code="a">41039</subfield></datafield></record></collection>